@Article{,
  author =       {},
  title =        {},
  journal =      {},
  year =         {},
  OPTkey =       {},
  OPTvolume =    {},
  OPTnumber =    {},
  OPTpages =     {},
  OPTmonth =     {},
  OPTnote =      {},
  OPTannote =    {}
}
@InBook{yonson98:_el,
  author =       "Yonson",
  title =        "El titulo",
  chapter =      7,
  publisher =    "La editorial",
  year =         1998
}

@Book{,
  ALTauthor =    {},
  ALTeditor =    {},
  title =        {},
  publisher =    {},
  year =         {},
  OPTkey =       {},
  OPTvolume =    {},
  OPTnumber =    {},
  OPTseries =    {},
  OPTaddress =   {},
  OPTedition =   {},
  OPTmonth =     {},
  OPTnote =      {},
  OPTannote =    {}
}

@Manual{pic16_datasheet,
  title =        "PIC16F88 Datasheet",
  organization = "Microchip"
}



